<record><header><identifier>oai:aleph-nkp.cz:DNT01-000143601</identifier><datestamp>2021-08-01T12:26:34Z</datestamp><setSpec>DNT-ALL</setSpec></header><metadata><marc:record xmlns:marc="http://www.loc.gov/MARC21/slim"
xmlns:xsi="http://www.w3.org/2001/XMLSchema-instance"
xsi:schemaLocation="http://www.loc.gov/MARC21/slim
http://www.loc.gov/standards/marcxml/schema/MARC21slim.xsd"><marc:leader>     nam a22        4500</marc:leader><marc:controlfield tag="001">000143601</marc:controlfield><marc:controlfield tag="003">CZ PrDNT</marc:controlfield><marc:controlfield tag="005">20151122190734.0</marc:controlfield><marc:controlfield tag="008">110726s1990    xr |||||||||||||| ||cze d</marc:controlfield><marc:datafield tag="015" ind1=" " ind2=" "><marc:subfield code="a">cnb000056420</marc:subfield></marc:datafield><marc:datafield tag="020" ind1=" " ind2=" "><marc:subfield code="a">80-207-0171-0</marc:subfield><marc:subfield code="q">(brož.)</marc:subfield><marc:subfield code="z">80-207-171-0 :</marc:subfield><marc:subfield code="c">Kčs 32,00</marc:subfield></marc:datafield><marc:datafield tag="035" ind1=" " ind2=" "><marc:subfield code="a">(CZ-PrSKC)016020003567720</marc:subfield></marc:datafield><marc:datafield tag="040" ind1=" " ind2=" "><marc:subfield code="a">ABA001</marc:subfield><marc:subfield code="b">cze</marc:subfield><marc:subfield code="d">ABA001</marc:subfield><marc:subfield code="d">ULG001</marc:subfield></marc:datafield><marc:datafield tag="041" ind1="0" ind2=" "><marc:subfield code="a">cze</marc:subfield><marc:subfield code="b">rus</marc:subfield><marc:subfield code="b">ger</marc:subfield><marc:subfield code="b">fre</marc:subfield><marc:subfield code="b">eng</marc:subfield></marc:datafield><marc:datafield tag="072" ind1=" " ind2="7"><marc:subfield code="a">75</marc:subfield><marc:subfield code="x">Malířství</marc:subfield><marc:subfield code="2">Konspekt</marc:subfield><marc:subfield code="9">21</marc:subfield></marc:datafield><marc:datafield tag="080" ind1=" " ind2=" "><marc:subfield code="a">75</marc:subfield><marc:subfield code="2">MRF-sel</marc:subfield></marc:datafield><marc:datafield tag="080" ind1=" " ind2=" "><marc:subfield code="a">7.04</marc:subfield><marc:subfield code="2">MRF-sel</marc:subfield></marc:datafield><marc:datafield tag="100" ind1="1" ind2=" "><marc:subfield code="a">Dvořák, František,</marc:subfield><marc:subfield code="d">1920-2015</marc:subfield><marc:subfield code="7">jk01030088</marc:subfield><marc:subfield code="4">aut</marc:subfield></marc:datafield><marc:datafield tag="245" ind1="1" ind2="0"><marc:subfield code="a">Karel Chaba /</marc:subfield><marc:subfield code="c">František Dvořák ; [fotografie Zdeněk Lhoták, Milan Posselt]</marc:subfield></marc:datafield><marc:datafield tag="250" ind1=" " ind2=" "><marc:subfield code="a">1. vyd.</marc:subfield></marc:datafield><marc:datafield tag="260" ind1=" " ind2=" "><marc:subfield code="a">Praha :</marc:subfield><marc:subfield code="b">Odeon,</marc:subfield><marc:subfield code="c">1990</marc:subfield></marc:datafield><marc:datafield tag="300" ind1=" " ind2=" "><marc:subfield code="a">111 s. :</marc:subfield><marc:subfield code="b">barev. il. ;</marc:subfield><marc:subfield code="c">18 cm</marc:subfield></marc:datafield><marc:datafield tag="490" ind1="1" ind2=" "><marc:subfield code="a">Současné české umění</marc:subfield></marc:datafield><marc:datafield tag="500" ind1=" " ind2=" "><marc:subfield code="a">Životopisná data</marc:subfield></marc:datafield><marc:datafield tag="500" ind1=" " ind2=" "><marc:subfield code="a">Přehled výstav</marc:subfield></marc:datafield><marc:datafield tag="520" ind1="2" ind2=" "><marc:subfield code="a">Monografie známého českého malíře-samouka střední generace doplněná reprodukcemi.</marc:subfield></marc:datafield><marc:datafield tag="520" ind1="2" ind2=" "><marc:subfield code="a">Staropražská zákoutí, malostranské a hradčanské paláce, domy a kostely - to je svět obrazů Karla Chaby, samouka, který se od počátku 60. let 20. stol. plně věnuje malířskému umění. Dynamičnost, pronikající všemi prvky obrazu, a výrazná barevnost se značně podílejí na zvláštní atmosféře malířova obrazového světa, zesílené nepřítomností člověka. Naivizující poezie obrazů je promítnutím jeho představ o milovaném městě. - Autor textu seznamuje čtenáře s Chabovým dílem v kontextu doby, v níž vznikalo, poukazuje na jeho dočasné spojování s naivním malířstvím i na jeho odlišnost od naivních umělců, charakterizuje Chabovu malbu a dokresluje své líčení výběrem soudobých kritik i citováním umělcových myšlenek. 78 reprodukcí nejlépe dokládá styl Karla Chaby.</marc:subfield></marc:datafield><marc:datafield tag="546" ind1=" " ind2=" "><marc:subfield code="a">Ruské, německé, francouzské a anglické resumé</marc:subfield></marc:datafield><marc:datafield tag="600" ind1="1" ind2="7"><marc:subfield code="a">Chaba, Karel,</marc:subfield><marc:subfield code="d">1925-2009</marc:subfield><marc:subfield code="7">jn99240000124</marc:subfield><marc:subfield code="2">czenas</marc:subfield></marc:datafield><marc:datafield tag="648" ind1=" " ind2="7"><marc:subfield code="a">20. století</marc:subfield><marc:subfield code="7">ch460558</marc:subfield><marc:subfield code="2">czenas</marc:subfield></marc:datafield><marc:datafield tag="650" ind1="0" ind2="7"><marc:subfield code="a">malíři</marc:subfield><marc:subfield code="7">ph122596</marc:subfield><marc:subfield code="z">Česko</marc:subfield><marc:subfield code="y">20. století</marc:subfield><marc:subfield code="2">czenas</marc:subfield></marc:datafield><marc:datafield tag="650" ind1="0" ind2="7"><marc:subfield code="a">české malířství</marc:subfield><marc:subfield code="7">ph116864</marc:subfield><marc:subfield code="y">20. století</marc:subfield><marc:subfield code="2">czenas</marc:subfield></marc:datafield><marc:datafield tag="650" ind1="0" ind2="7"><marc:subfield code="a">moderní malířství</marc:subfield><marc:subfield code="7">ph122940</marc:subfield><marc:subfield code="z">Česko</marc:subfield><marc:subfield code="2">czenas</marc:subfield></marc:datafield><marc:datafield tag="650" ind1="0" ind2="7"><marc:subfield code="a">krajinomalba</marc:subfield><marc:subfield code="7">ph121926</marc:subfield><marc:subfield code="z">Česko</marc:subfield><marc:subfield code="y">20. století</marc:subfield><marc:subfield code="2">czenas</marc:subfield></marc:datafield><marc:datafield tag="650" ind1="0" ind2="7"><marc:subfield code="a">umělecké náměty</marc:subfield><marc:subfield code="7">ph138227</marc:subfield><marc:subfield code="2">czenas</marc:subfield></marc:datafield><marc:datafield tag="655" ind1=" " ind2="7"><marc:subfield code="a">obrazové publikace</marc:subfield><marc:subfield code="7">fd132947</marc:subfield><marc:subfield code="2">czenas</marc:subfield></marc:datafield><marc:datafield tag="700" ind1="1" ind2=" "><marc:subfield code="a">Chaba, Karel,</marc:subfield><marc:subfield code="d">1925-2009</marc:subfield><marc:subfield code="7">jn99240000124</marc:subfield><marc:subfield code="4">art</marc:subfield></marc:datafield><marc:datafield tag="700" ind1="1" ind2=" "><marc:subfield code="a">Lhoták, Zdeněk,</marc:subfield><marc:subfield code="d">1949-</marc:subfield><marc:subfield code="7">jn19990209485</marc:subfield><marc:subfield code="4">pht</marc:subfield></marc:datafield><marc:datafield tag="700" ind1="1" ind2=" "><marc:subfield code="a">Posselt, Milan,</marc:subfield><marc:subfield code="d">1942-</marc:subfield><marc:subfield code="7">jx20040217017</marc:subfield><marc:subfield code="4">pht</marc:subfield></marc:datafield><marc:datafield tag="830" ind1=" " ind2="0"><marc:subfield code="a">Současné české umění</marc:subfield></marc:datafield><marc:datafield tag="856" ind1="4" ind2="1"><marc:subfield code="u">http://krameriusndk.nkp.cz/search/handle/uuid:397a0410-15f7-11e3-8f8a-005056827e52</marc:subfield><marc:subfield code="y">Digitalizovaný dokument</marc:subfield></marc:datafield><marc:datafield tag="956" ind1="4" ind2=" "><marc:subfield code="u">http://krameriusndk.nkp.cz/search/handle/uuid:397a0410-15f7-11e3-8f8a-005056827e52</marc:subfield><marc:subfield code="9">A</marc:subfield></marc:datafield><marc:datafield tag="990" ind1=" " ind2=" "><marc:subfield code="a">A</marc:subfield></marc:datafield><marc:datafield tag="992" ind1=" " ind2=" "><marc:subfield code="s">PA</marc:subfield><marc:subfield code="a">20200731</marc:subfield><marc:subfield code="b">batch</marc:subfield></marc:datafield><marc:datafield tag="992" ind1=" " ind2=" "><marc:subfield code="s">A</marc:subfield><marc:subfield code="a">20210201</marc:subfield><marc:subfield code="b">batch</marc:subfield></marc:datafield><marc:datafield tag="998" ind1=" " ind2=" "><marc:subfield code="a">DNT01-000143601</marc:subfield></marc:datafield></marc:record></metadata></record>