<record><header><identifier>oai:aleph-nkp.cz:DNT01-000143602</identifier><datestamp>2021-08-01T12:26:34Z</datestamp><setSpec>DNT-ALL</setSpec></header><metadata><marc:record xmlns:marc="http://www.loc.gov/MARC21/slim"
xmlns:xsi="http://www.w3.org/2001/XMLSchema-instance"
xsi:schemaLocation="http://www.loc.gov/MARC21/slim
http://www.loc.gov/standards/marcxml/schema/MARC21slim.xsd"><marc:leader>     nam a22      a 4500</marc:leader><marc:controlfield tag="001">000143602</marc:controlfield><marc:controlfield tag="003">CZ PrDNT</marc:controlfield><marc:controlfield tag="005">20150901123912.0</marc:controlfield><marc:controlfield tag="007">tu</marc:controlfield><marc:controlfield tag="008">110818s2002    xr           u||| | cze  </marc:controlfield><marc:datafield tag="015" ind1=" " ind2=" "><marc:subfield code="a">cnb001240674</marc:subfield></marc:datafield><marc:datafield tag="020" ind1=" " ind2=" "><marc:subfield code="a">80-7234-225-8</marc:subfield><marc:subfield code="q">(váz.) :</marc:subfield><marc:subfield code="c">399.00 Kč</marc:subfield></marc:datafield><marc:datafield tag="035" ind1=" " ind2=" "><marc:subfield code="a">(CZ-PrSKC)KN3230000000079933</marc:subfield></marc:datafield><marc:datafield tag="040" ind1=" " ind2=" "><marc:subfield code="a">BKG501</marc:subfield><marc:subfield code="b">cze</marc:subfield><marc:subfield code="d">ABA100</marc:subfield></marc:datafield><marc:datafield tag="041" ind1="1" ind2=" "><marc:subfield code="a">cze</marc:subfield><marc:subfield code="h">dut</marc:subfield></marc:datafield><marc:datafield tag="072" ind1=" " ind2="7"><marc:subfield code="a">637</marc:subfield><marc:subfield code="x">Živočišné produkty</marc:subfield><marc:subfield code="2">Konspekt</marc:subfield><marc:subfield code="9">24</marc:subfield></marc:datafield><marc:datafield tag="080" ind1=" " ind2=" "><marc:subfield code="a">637.3</marc:subfield><marc:subfield code="2">MRF</marc:subfield></marc:datafield><marc:datafield tag="080" ind1=" " ind2=" "><marc:subfield code="a">(031)</marc:subfield><marc:subfield code="2">MRF</marc:subfield></marc:datafield><marc:datafield tag="100" ind1="1" ind2=" "><marc:subfield code="a">Callec, Christian,</marc:subfield><marc:subfield code="d">1955-</marc:subfield><marc:subfield code="7">jn20010601693</marc:subfield><marc:subfield code="4">aut</marc:subfield></marc:datafield><marc:datafield tag="245" ind1="1" ind2="0"><marc:subfield code="a">Encyklopedie sýrů /</marc:subfield><marc:subfield code="c">Christian Callec ; [z nizozemského originálu ... přeložila Petra Martínková]</marc:subfield></marc:datafield><marc:datafield tag="250" ind1=" " ind2=" "><marc:subfield code="a">1. vyd.</marc:subfield></marc:datafield><marc:datafield tag="260" ind1=" " ind2=" "><marc:subfield code="a">Čestlice :</marc:subfield><marc:subfield code="b">Rebo,</marc:subfield><marc:subfield code="c">2002</marc:subfield></marc:datafield><marc:datafield tag="300" ind1=" " ind2=" "><marc:subfield code="a">256 s. :</marc:subfield><marc:subfield code="b">barev. il. ;</marc:subfield><marc:subfield code="c">25 cm</marc:subfield></marc:datafield><marc:datafield tag="500" ind1=" " ind2=" "><marc:subfield code="a">Dotisk r. 2003</marc:subfield></marc:datafield><marc:datafield tag="504" ind1=" " ind2=" "><marc:subfield code="a">Obsahuje bibliografii a rejstřík</marc:subfield></marc:datafield><marc:datafield tag="520" ind1="2" ind2=" "><marc:subfield code="a">Kniha poskytuje podrobné informace o výrobě sýrů v různých zemích světa, o jejich paletě vůní a chutí.</marc:subfield></marc:datafield><marc:datafield tag="650" ind1="0" ind2="7"><marc:subfield code="a">sýry</marc:subfield><marc:subfield code="7">ph116388</marc:subfield><marc:subfield code="2">czenas</marc:subfield></marc:datafield><marc:datafield tag="653" ind1="0" ind2=" "><marc:subfield code="a">recepty</marc:subfield><marc:subfield code="a">dějiny sýra</marc:subfield><marc:subfield code="a">výroba sýra</marc:subfield></marc:datafield><marc:datafield tag="655" ind1=" " ind2="7"><marc:subfield code="a">encyklopedie</marc:subfield><marc:subfield code="7">fd132201</marc:subfield><marc:subfield code="2">czenas</marc:subfield></marc:datafield><marc:datafield tag="700" ind1="1" ind2=" "><marc:subfield code="a">Martínková, Petra,</marc:subfield><marc:subfield code="d">1973-</marc:subfield><marc:subfield code="7">jn20000810192</marc:subfield><marc:subfield code="4">trl</marc:subfield></marc:datafield><marc:datafield tag="765" ind1="0" ind2=" "><marc:subfield code="t">Geïllustreerde Kaasencyclopedie</marc:subfield><marc:subfield code="9">Česky</marc:subfield></marc:datafield><marc:datafield tag="856" ind1="4" ind2="1"><marc:subfield code="u">http://krameriusndk.nkp.cz/search/handle/uuid:ee80fa60-43b1-11e4-8113-005056827e52</marc:subfield><marc:subfield code="y">Digitalizovaný dokument</marc:subfield></marc:datafield><marc:datafield tag="956" ind1="4" ind2=" "><marc:subfield code="u">http://krameriusndk.nkp.cz/search/handle/uuid:ee80fa60-43b1-11e4-8113-005056827e52</marc:subfield><marc:subfield code="9">A</marc:subfield><marc:subfield code="9">NZ</marc:subfield></marc:datafield><marc:datafield tag="990" ind1=" " ind2=" "><marc:subfield code="a">A</marc:subfield></marc:datafield><marc:datafield tag="990" ind1=" " ind2=" "><marc:subfield code="a">NZ</marc:subfield></marc:datafield><marc:datafield tag="992" ind1=" " ind2=" "><marc:subfield code="s">PA</marc:subfield><marc:subfield code="a">20200731</marc:subfield><marc:subfield code="b">batch</marc:subfield></marc:datafield><marc:datafield tag="992" ind1=" " ind2=" "><marc:subfield code="s">NZ</marc:subfield><marc:subfield code="a">20210109</marc:subfield><marc:subfield code="b">batch</marc:subfield></marc:datafield><marc:datafield tag="992" ind1=" " ind2=" "><marc:subfield code="s">A</marc:subfield><marc:subfield code="a">20210201</marc:subfield><marc:subfield code="b">batch</marc:subfield></marc:datafield><marc:datafield tag="998" ind1=" " ind2=" "><marc:subfield code="a">DNT01-000143602</marc:subfield></marc:datafield></marc:record></metadata></record>