<record><header><identifier>oai:aleph-nkp.cz:DNT01-000251858</identifier><datestamp>2021-08-01T12:26:35Z</datestamp><setSpec>DNT-ALL</setSpec></header><metadata><marc:record xmlns:marc="http://www.loc.gov/MARC21/slim"
xmlns:xsi="http://www.w3.org/2001/XMLSchema-instance"
xsi:schemaLocation="http://www.loc.gov/MARC21/slim
http://www.loc.gov/standards/marcxml/schema/MARC21slim.xsd"><marc:leader>     nam a22     1  4500</marc:leader><marc:controlfield tag="001">000251858</marc:controlfield><marc:controlfield tag="003">CZ PrDNT</marc:controlfield><marc:controlfield tag="005">19970417000000.0</marc:controlfield><marc:controlfield tag="008">970417s1978    xr                  cze  </marc:controlfield><marc:datafield tag="015" ind1=" " ind2=" "><marc:subfield code="a">cnb000521522</marc:subfield></marc:datafield><marc:datafield tag="035" ind1=" " ind2=" "><marc:subfield code="a">(CZ-PrSKC)bk197902864</marc:subfield></marc:datafield><marc:datafield tag="040" ind1=" " ind2=" "><marc:subfield code="a">ABA001</marc:subfield><marc:subfield code="b">cze</marc:subfield><marc:subfield code="c">BOA001</marc:subfield><marc:subfield code="d">ABA001</marc:subfield></marc:datafield><marc:datafield tag="245" ind1="0" ind2="0"><marc:subfield code="a">Útvary vědeckých informací a odborné knihovny v resortu ministerstva zdravotnictví ČSR v roce 1977</marc:subfield></marc:datafield><marc:datafield tag="260" ind1=" " ind2=" "><marc:subfield code="a">Praha :</marc:subfield><marc:subfield code="b">Ústav věd. lék. inf.,</marc:subfield><marc:subfield code="c">1978</marc:subfield></marc:datafield><marc:datafield tag="300" ind1=" " ind2=" "><marc:subfield code="a">[10] s. :</marc:subfield><marc:subfield code="b">[64] s. tb. ;</marc:subfield><marc:subfield code="c">příč. 8°</marc:subfield></marc:datafield><marc:datafield tag="500" ind1=" " ind2=" "><marc:subfield code="a">Seznam tb. sestav na r. 1977</marc:subfield></marc:datafield><marc:datafield tag="500" ind1=" " ind2=" "><marc:subfield code="a">Zkr.</marc:subfield></marc:datafield><marc:datafield tag="500" ind1=" " ind2=" "><marc:subfield code="a">Seznam ukazatelů</marc:subfield></marc:datafield><marc:datafield tag="964" ind1=" " ind2=" "><marc:subfield code="a">Útvary vědeckých informací - ministerstvo zdravotnictví (resort) - ČSR - činnost - rok 1977 - přehledy</marc:subfield></marc:datafield><marc:datafield tag="964" ind1=" " ind2=" "><marc:subfield code="a">Knihovny odborné - ministerstvo zdravotnictví (resort) - činnost - rok 1977 - přehledy</marc:subfield></marc:datafield><marc:datafield tag="990" ind1=" " ind2=" "><marc:subfield code="a">A</marc:subfield></marc:datafield><marc:datafield tag="992" ind1=" " ind2=" "><marc:subfield code="s">PA</marc:subfield><marc:subfield code="a">20210131</marc:subfield><marc:subfield code="b">batch</marc:subfield></marc:datafield><marc:datafield tag="992" ind1=" " ind2=" "><marc:subfield code="s">A</marc:subfield><marc:subfield code="a">20210801</marc:subfield><marc:subfield code="b">batch</marc:subfield></marc:datafield><marc:datafield tag="998" ind1=" " ind2=" "><marc:subfield code="a">DNT01-000251858</marc:subfield></marc:datafield></marc:record></metadata></record>