<record><header><identifier>oai:aleph-nkp.cz:DNT01-000300582</identifier><datestamp>2021-08-01T12:26:35Z</datestamp><setSpec>DNT-ALL</setSpec></header><metadata><marc:record xmlns:marc="http://www.loc.gov/MARC21/slim"
xmlns:xsi="http://www.w3.org/2001/XMLSchema-instance"
xsi:schemaLocation="http://www.loc.gov/MARC21/slim
http://www.loc.gov/standards/marcxml/schema/MARC21slim.xsd"><marc:leader>     nam a22      a 4500</marc:leader><marc:controlfield tag="001">000300582</marc:controlfield><marc:controlfield tag="003">CZ PrDNT</marc:controlfield><marc:controlfield tag="005">20191114123701.0</marc:controlfield><marc:controlfield tag="008">150924s1949    xr           u||| | cze  </marc:controlfield><marc:datafield tag="015" ind1=" " ind2=" "><marc:subfield code="a">cnb000713638</marc:subfield></marc:datafield><marc:datafield tag="035" ind1=" " ind2=" "><marc:subfield code="a">(CZ-PrSKC)001190000103692</marc:subfield></marc:datafield><marc:datafield tag="040" ind1=" " ind2=" "><marc:subfield code="a">FME301</marc:subfield><marc:subfield code="b">cze</marc:subfield></marc:datafield><marc:datafield tag="245" ind1="0" ind2="0"><marc:subfield code="a">Antonín Zápotocký, ministerský předseda Československé republiky /</marc:subfield><marc:subfield code="c">[úvodní slovo Miroslav Kárný]</marc:subfield></marc:datafield><marc:datafield tag="260" ind1=" " ind2=" "><marc:subfield code="a">Praha :</marc:subfield><marc:subfield code="b">Svět v obrazech,</marc:subfield><marc:subfield code="c">1949 :</marc:subfield><marc:subfield code="f">(V. Neubert a synové, n.s.)</marc:subfield></marc:datafield><marc:datafield tag="300" ind1=" " ind2=" "><marc:subfield code="a">[47] s. :</marc:subfield><marc:subfield code="b">il. ;</marc:subfield><marc:subfield code="c">29 cm</marc:subfield></marc:datafield><marc:datafield tag="490" ind1="1" ind2=" "><marc:subfield code="a">Svět v obrazech ;</marc:subfield><marc:subfield code="v">Sv. 5</marc:subfield></marc:datafield><marc:datafield tag="520" ind1=" " ind2=" "><marc:subfield code="a">Úvodem stručný životopis A. Zápotockého, zakladatele KSČ, významného odboráře, bojovníka za věd. socialismus. A. Zápotocký dovršuje polit. dílo svého otce Ladislava Z., zakladatele soc. demokracie v Čechách. Bohatýdokumentární fotografický materiál nás provází životem A. Zápotockého (mládí, polit. činnost za 1. republiky, osvobození z koncentračního tábora, polit. práce v čele odborů a vlády v lid. dem. republice)</marc:subfield></marc:datafield><marc:datafield tag="653" ind1="0" ind2=" "><marc:subfield code="a">dějiny</marc:subfield><marc:subfield code="a">Československo</marc:subfield><marc:subfield code="a">osobnosti</marc:subfield><marc:subfield code="a">prezidenti</marc:subfield><marc:subfield code="a">Zápotocký, Antonín, 1884-1957</marc:subfield><marc:subfield code="a">propagační</marc:subfield><marc:subfield code="a">publikace</marc:subfield><marc:subfield code="a">životopisné údaje</marc:subfield><marc:subfield code="a">obrazové publikace</marc:subfield></marc:datafield><marc:datafield tag="700" ind1="1" ind2=" "><marc:subfield code="a">Kárný, Miroslav,</marc:subfield><marc:subfield code="d">1919-2001</marc:subfield><marc:subfield code="7">jk01053084</marc:subfield><marc:subfield code="4">aui</marc:subfield></marc:datafield><marc:datafield tag="990" ind1=" " ind2=" "><marc:subfield code="a">A</marc:subfield></marc:datafield><marc:datafield tag="992" ind1=" " ind2=" "><marc:subfield code="s">PA</marc:subfield><marc:subfield code="a">20210131</marc:subfield><marc:subfield code="b">batch</marc:subfield></marc:datafield><marc:datafield tag="992" ind1=" " ind2=" "><marc:subfield code="s">A</marc:subfield><marc:subfield code="a">20210801</marc:subfield><marc:subfield code="b">batch</marc:subfield></marc:datafield><marc:datafield tag="998" ind1=" " ind2=" "><marc:subfield code="a">DNT01-000300582</marc:subfield></marc:datafield></marc:record></metadata></record>