<record><header><identifier>oai:aleph-nkp.cz:DNT01-000143604</identifier><datestamp>2021-08-01T12:26:35Z</datestamp><setSpec>DNT-ALL</setSpec></header><metadata><marc:record xmlns:marc="http://www.loc.gov/MARC21/slim"
xmlns:xsi="http://www.w3.org/2001/XMLSchema-instance"
xsi:schemaLocation="http://www.loc.gov/MARC21/slim
http://www.loc.gov/standards/marcxml/schema/MARC21slim.xsd"><marc:leader>     cas a22      i 4500</marc:leader><marc:controlfield tag="001">000143604</marc:controlfield><marc:controlfield tag="003">CZ PrDNT</marc:controlfield><marc:controlfield tag="005">20200302090632.0</marc:controlfield><marc:controlfield tag="007">ta</marc:controlfield><marc:controlfield tag="008">111206c20099999xr ar    ff   0   b0cze  </marc:controlfield><marc:datafield tag="015" ind1=" " ind2=" "><marc:subfield code="a">cnb002258481</marc:subfield><marc:subfield code="z">cnb002149347</marc:subfield><marc:subfield code="z">cnb002251417</marc:subfield></marc:datafield><marc:datafield tag="035" ind1=" " ind2=" "><marc:subfield code="a">(CZ-PrSKC)nkc20112258481</marc:subfield></marc:datafield><marc:datafield tag="040" ind1=" " ind2=" "><marc:subfield code="a">ABA001</marc:subfield><marc:subfield code="b">cze</marc:subfield><marc:subfield code="d">OLA001</marc:subfield><marc:subfield code="e">rda</marc:subfield></marc:datafield><marc:datafield tag="043" ind1=" " ind2=" "><marc:subfield code="a">e-xr---</marc:subfield></marc:datafield><marc:datafield tag="072" ind1=" " ind2="7"><marc:subfield code="a">657</marc:subfield><marc:subfield code="x">Účetnictví</marc:subfield><marc:subfield code="2">Konspekt</marc:subfield><marc:subfield code="9">4</marc:subfield></marc:datafield><marc:datafield tag="080" ind1=" " ind2=" "><marc:subfield code="a">657</marc:subfield><marc:subfield code="2">MRF</marc:subfield></marc:datafield><marc:datafield tag="080" ind1=" " ind2=" "><marc:subfield code="a">(437.3)</marc:subfield><marc:subfield code="2">MRF</marc:subfield></marc:datafield><marc:datafield tag="080" ind1=" " ind2=" "><marc:subfield code="a">(035)</marc:subfield><marc:subfield code="2">MRF</marc:subfield></marc:datafield><marc:datafield tag="245" ind1="0" ind2="0"><marc:subfield code="a">Účetní závěrka podnikatelů ...</marc:subfield></marc:datafield><marc:datafield tag="246" ind1="1" ind2=" "><marc:subfield code="i">V roce 2015 další název:</marc:subfield><marc:subfield code="a">Novinky ...</marc:subfield></marc:datafield><marc:datafield tag="264" ind1=" " ind2="1"><marc:subfield code="a">Praha :</marc:subfield><marc:subfield code="b">Svaz účetních,</marc:subfield><marc:subfield code="c">[2009?]-</marc:subfield></marc:datafield><marc:datafield tag="300" ind1=" " ind2=" "><marc:subfield code="a">^^^svazků ;</marc:subfield><marc:subfield code="c">21 cm</marc:subfield></marc:datafield><marc:datafield tag="310" ind1=" " ind2=" "><marc:subfield code="a">1x ročně</marc:subfield></marc:datafield><marc:datafield tag="336" ind1=" " ind2=" "><marc:subfield code="a">text</marc:subfield><marc:subfield code="b">txt</marc:subfield><marc:subfield code="2">rdacontent</marc:subfield></marc:datafield><marc:datafield tag="337" ind1=" " ind2=" "><marc:subfield code="a">bez média</marc:subfield><marc:subfield code="b">n</marc:subfield><marc:subfield code="2">rdamedia</marc:subfield></marc:datafield><marc:datafield tag="338" ind1=" " ind2=" "><marc:subfield code="a">svazek</marc:subfield><marc:subfield code="b">nc</marc:subfield><marc:subfield code="2">rdacarrier</marc:subfield></marc:datafield><marc:datafield tag="490" ind1="1" ind2=" "><marc:subfield code="a">Metodické aktuality Svazu účetních,</marc:subfield><marc:subfield code="x">1211-4138</marc:subfield></marc:datafield><marc:datafield tag="500" ind1=" " ind2=" "><marc:subfield code="a">Součástí názvu je označení běžného roku</marc:subfield></marc:datafield><marc:datafield tag="500" ind1=" " ind2=" "><marc:subfield code="a">Jednotlivé svazky mají ISBN</marc:subfield></marc:datafield><marc:datafield tag="500" ind1=" " ind2=" "><marc:subfield code="a">Ročník 2019 obsahuje přílohu: 50 let Svazu účetních (11 stran)</marc:subfield></marc:datafield><marc:datafield tag="588" ind1=" " ind2=" "><marc:subfield code="a">Popsáno podle: 2011</marc:subfield><marc:subfield code="5">CZ-PrNK</marc:subfield></marc:datafield><marc:datafield tag="650" ind1="0" ind2="7"><marc:subfield code="a">účetnictví</marc:subfield><marc:subfield code="7">ph116911</marc:subfield><marc:subfield code="z">Česko</marc:subfield><marc:subfield code="2">czenas</marc:subfield></marc:datafield><marc:datafield tag="655" ind1=" " ind2="7"><marc:subfield code="a">příručky</marc:subfield><marc:subfield code="7">fd133209</marc:subfield><marc:subfield code="2">czenas</marc:subfield></marc:datafield><marc:datafield tag="740" ind1="0" ind2="2"><marc:subfield code="a">50 let Svazu účetních</marc:subfield></marc:datafield><marc:datafield tag="830" ind1=" " ind2="0"><marc:subfield code="a">Metodické aktuality Svazu účetních</marc:subfield></marc:datafield><marc:datafield tag="856" ind1="4" ind2="1"><marc:subfield code="u">http://krameriusndk.nkp.cz/search/handle/uuid:910fbb00-f64e-11e9-8f23-5ef3fc9bb22f</marc:subfield><marc:subfield code="y">Digitalizovaný dokument</marc:subfield></marc:datafield><marc:datafield tag="902" ind1=" " ind2=" "><marc:subfield code="a">978-80-87367-12-4</marc:subfield><marc:subfield code="q">(2010 ;</marc:subfield><marc:subfield code="q">brožováno)</marc:subfield></marc:datafield><marc:datafield tag="902" ind1=" " ind2=" "><marc:subfield code="a">978-80-87367-22-3</marc:subfield><marc:subfield code="q">(2011 ;</marc:subfield><marc:subfield code="q">brožováno)</marc:subfield></marc:datafield><marc:datafield tag="902" ind1=" " ind2=" "><marc:subfield code="a">978-80-87367-32-2</marc:subfield><marc:subfield code="q">(2012 ;</marc:subfield><marc:subfield code="q">brožováno)</marc:subfield></marc:datafield><marc:datafield tag="902" ind1=" " ind2=" "><marc:subfield code="a">978-80-87367-42-1</marc:subfield><marc:subfield code="q">(2013 ;</marc:subfield><marc:subfield code="q">brožováno)</marc:subfield></marc:datafield><marc:datafield tag="902" ind1=" " ind2=" "><marc:subfield code="a">978-80-87367-52-0</marc:subfield><marc:subfield code="q">(2014 ;</marc:subfield><marc:subfield code="q">brožováno)</marc:subfield></marc:datafield><marc:datafield tag="902" ind1=" " ind2=" "><marc:subfield code="a">978-80-87367-62-9</marc:subfield><marc:subfield code="q">(2015 ;</marc:subfield><marc:subfield code="q">brožováno)</marc:subfield></marc:datafield><marc:datafield tag="902" ind1=" " ind2=" "><marc:subfield code="a">978-80-87367-72-8</marc:subfield><marc:subfield code="q">(2016 ;</marc:subfield><marc:subfield code="q">brožováno)</marc:subfield></marc:datafield><marc:datafield tag="902" ind1=" " ind2=" "><marc:subfield code="a">978-80-87367-82-7</marc:subfield><marc:subfield code="q">(2017 ;</marc:subfield><marc:subfield code="q">brožováno)</marc:subfield></marc:datafield><marc:datafield tag="902" ind1=" " ind2=" "><marc:subfield code="a">978-80-87367-92-6</marc:subfield><marc:subfield code="q">(2018 ;</marc:subfield><marc:subfield code="q">brožováno)</marc:subfield></marc:datafield><marc:datafield tag="902" ind1=" " ind2=" "><marc:subfield code="a">978-80-7626-002-3</marc:subfield><marc:subfield code="q">(2019 ;</marc:subfield><marc:subfield code="q">brožováno)</marc:subfield></marc:datafield><marc:datafield tag="928" ind1="9" ind2=" "><marc:subfield code="a">Svaz účetních České republiky</marc:subfield></marc:datafield><marc:datafield tag="956" ind1="4" ind2=" "><marc:subfield code="u">http://krameriusndk.nkp.cz/search/handle/uuid:910fbb00-f64e-11e9-8f23-5ef3fc9bb22f</marc:subfield><marc:subfield code="9">A</marc:subfield><marc:subfield code="9">NZ</marc:subfield></marc:datafield><marc:datafield tag="956" ind1="4" ind2=" "><marc:subfield code="u">http://krameriusndk.nkp.cz/search/handle/uuid:8bd84800-f64e-11e9-979f-5ef3fc9ae867</marc:subfield><marc:subfield code="x">2016</marc:subfield><marc:subfield code="y">2016</marc:subfield><marc:subfield code="9">N</marc:subfield></marc:datafield><marc:datafield tag="956" ind1="4" ind2=" "><marc:subfield code="u">http://krameriusndk.nkp.cz/search/handle/uuid:16a0bb90-fbac-11e9-837a-5ef3fc9ae867</marc:subfield><marc:subfield code="x">2017</marc:subfield><marc:subfield code="y">2017</marc:subfield><marc:subfield code="9">N</marc:subfield></marc:datafield><marc:datafield tag="990" ind1=" " ind2=" "><marc:subfield code="a">A</marc:subfield></marc:datafield><marc:datafield tag="990" ind1=" " ind2=" "><marc:subfield code="a">NZ</marc:subfield></marc:datafield><marc:datafield tag="992" ind1=" " ind2=" "><marc:subfield code="s">PA</marc:subfield><marc:subfield code="a">20200731</marc:subfield><marc:subfield code="b">batch</marc:subfield></marc:datafield><marc:datafield tag="992" ind1=" " ind2=" "><marc:subfield code="s">NZ</marc:subfield><marc:subfield code="a">20210130</marc:subfield><marc:subfield code="b">batch</marc:subfield></marc:datafield><marc:datafield tag="992" ind1=" " ind2=" "><marc:subfield code="s">A</marc:subfield><marc:subfield code="a">20210201</marc:subfield><marc:subfield code="b">batch</marc:subfield></marc:datafield><marc:datafield tag="998" ind1=" " ind2=" "><marc:subfield code="a">DNT01-000143604</marc:subfield></marc:datafield></marc:record></metadata></record>